@book{siyan2002tcp,
  title={TCP/IP},
  author={Siyan, K. and Parker, T. and Koronkiewicz, P.},
  isbn={9788371977817},
  series={Ksi{\k{e}}ga Eksperta},
  url={http://books.google.pl/books?id=1soWAgAACAAJ},
  year={2002},
  publisher={Helion}
}
@book{krysiak2005sieci,
  title={Sieci komputerowe: kompendium},
  author={Krysiak, K.},
  isbn={9788373619951},
  url={http://books.google.pl/books?id=C-kyPwAACAAJ},
  year={2005},
  publisher={Helion}
}
@misc{iptables,
  howpublished="\url{http://ipset.netfilter.org/iptables.man.html}"
}
@misc{neat,
  howpublished="\url{http://newartisans.com/2007/09/neat-tricks-with-iptables/}"
}
